2832 5168
101 865 253 976 Praeter
266 909 437 978 Cratinum
457 911 548 978 huno
563 908 807 976 nobilissimum
825 924 958 998 poetam
971 915 1055 976 alter
1074 914 1174 978 huius

102 1013 248 1076 nominis
263 1013 376 1077 iunior
389 1011 534 1075 'comicus
555 1011 725 1092 laudatur,
747 1009 789 1073 de
805 1013 898 1077 ouius
915 1017 984 1080 vita
1000 1017 1086 1080 nihil
1100 1029 1174 1080 tra-

101 1115 208 1178 ditum
231 1127 291 1178 est.
324 1111 494 1178 Comicum
517 1114 648 1178 mediae
677 1111 869 1178 comoediae
890 1117 993 1180 fuisse
1014 1140 1059 1180 ex
1078 1123 1172 1200 frag-

98 1217 223 1280 mentis
252 1219 350 1281 feciie
388 1216 607 1282 demonstrari
639 1226 767 1300 potest,
804 1215 850 1278 sic
879 1219 979 1281 etiam
1011 1217 1170 1283 Mainake

100 1315 237 1397 Quaest.
259 1339 302 1386 sc.
326 1316 353 1382 Ι.
376 1341 407 1404 p·
426 1324 468 1386 24
486 1339 511 1382 s.
535 1315 690 1400 idemque
713 1337 788 1381 cum
817 1319 922 1381 altero
945 1317 1079 1384 Cratino
1102 1321 1170 1385 ali-

97 1422 228 1506 quoties
258 1419 480 1484 confunditur.
521 1421 562 1480 ci.
586 1429 757 1502 praetereo
786 1418 964 1484 Meuania
988 1419 1072 1484 Bibt.
1094 1423 1168 1490 Att.

95 1524 119 1584 1.
133 1518 181 1584 ΙΙ.
202 1544 234 1606 p.
253 1528 343 1588 1474.
367 1533 401 1584 et
426 1519 552 1586 Fabric.
568 1517 655 1585 Bibl.
680 1515 735 1582 Gr.
756 1515 804 1604 II,
826 1525 877 1589 20.
898 1532 921 1583 t.
936 1517 982 1586 II.
1005 1544 1037 1607 p.
1050 1529 1123 1593 435.

179 1621 336 1710 Quinque
357 1622 457 1686 huius
474 1621 591 1684 comici
606 1621 736 1684 fabulas
750 1621 882 1701 inveni,
907 1625 940 1687 Γ
936 1619 1062 1706 ιγάντες
1069 1673 1079 1707 ‚
1106 1631 1166 1714 Θη-

95 1721 254 1814 ραμένης,
274 1719 440 1813 Ὀμφάλη,
463 1723 591 1805 Χείρων
613 1736 647 1788 et
663 1723 1002 1812 Ψευδυποβολιμαῖος.

397 1862 860 1942 ΓΙΓΛΝΤΕΣ.

173 1996 268 2063 Hane
280 1999 429 2064 fabulam
443 1995 585 2064 eandem
601 2017 676 2062 cum
693 1997 830 2063 Τιτᾶοιν
844 2001 885 2062 ab
898 1996 1077 2066 Athenaeo
1091 2001 1163 2068 lau·

91 2095 178 2162 datis
192 2101 296 2164 fuisse
312 2113 420 2165 certus
434 2120 519 2176 sum,
542 2098 630 2186 quod
643 2097 801 2163 Meineke
818 2099 954 2182 Quaest.
978 2121 1022 2168 sc.
1035 2105 1059 2165 1.
1074 2127 1106 2190 p.
1119 2111 1162 2173 24

91 2212 161 2265 not.
190 2223 319 2288 quoque
349 2203 493 2268 coniicit.
535 2200 686 2266 Litterae
714 2205 748 2266 Γ
769 2213 804 2266 et
828 2205 858 2268 T
882 2223 982 2290 saepe
1004 2217 1038 2268 et
1064 2208 1164 2270 facile

91 2301 357 2386 confunduntur,
391 2310 433 2373 cf.
461 2303 602 2370 Piersou
622 2300 781 2368 Verisim.
803 2302 838 2384 I,
861 2311 892 2373 9.
919 2327 953 2391 p·
974 2312 1046 2375 105.
1081 2305 1163 2371 Bast

89 2399 273 2466 Commeat.
295 2406 530 2493 Palaeograph·
552 2425 586 2489 p.
599 2409 673 2471 710.

172 2502 202 2568 Ι.
229 2506 425 2572 Athenaeus
441 2507 503 2573 VI.
525 2505 692 2592 perte.
714 2509 774 2572 uhi
794 2511 901 2578 τιτᾶοι
920 2511 1006 2576 falso
1027 2507 1164 2592 legitur,

86 2606 175 2696 quod
196 2620 309 2674 tamen
325 2608 519 2674 Dindorfius
542 2608 642 2671 etiam
665 2612 830 2675 servavit:

350 2705 512 2793 Κόρυδον
531 2704 592 2774 τὸν
612 2707 820 2790 χαλκοτύπον
840 2685 1010 2798 πεφύλαξο

159 2809 289 2879 Ἤν
245 2839 289 2898 μη
313 2827 367 2880 σοι
388 2817 511 2896 νομιεῖς
533 2807 638 2878 αὐτὸν
657 2809 760 2896 μηδὲν
773 2815 997 2894 καταλείψειν

168 2911 262 3000 Mno’
285 2911 372 2992 ὄψον
391 2917 490 3000 κοινῇ
510 2910 590 2997 μετὰ
610 2909 734 2980 maisou
754 2915 886 2983 πώποτε
908 2916 1018 3004 δαίσῃ.

172 3021 242 3084 Τοῦ
261 3015 417 3103 Κορύδου
437 3013 588 3103 προλέγω
609 3031 679 3098 σοι,
702 3015 764 3104 ἔχει
784 3018 848 3106 yoio
871 3024 961 3103 χεῖρα
974 2993 1166 3101 νονταίον

168 3124 320 3207 Χαλκῆν,
346 3116 531 3205 ἀκάματον,
553 3117 638 3183 πολὺ
653 3121 787 3203 κρείττω
799 3147 860 3188 τον
874 3119 981 3204 πυρὸς
997 3116 1109 3187 αὐτοῦ
1185 3155 1192 3170 ·

86 3221 246 3307 Gorydus,
275 3225 333 3311 qui
354 3237 393 3288 et·
409 3223 567 3288 Euorates
589 3219 716 3301 dictus,
744 3223 928 3289 Ptolemaei
948 3223 1153 3304 temporibus
1257 3268 1263 3282 s

87 3325 184 3404 uixit,
213 3325 351 3412 eiusque
372 3324 535 3411 parasitus
561 3325 643 3396 fuir,
674 3323 716 3388 de
744 3348 809 3410 quo
839 3327 912 3403 lege
937 3323 1155 3386 Athenaeum

86 3423 143 3491 Vh
165 3450 197 3514 p.
211 3435 274 3495 240
288 3428 447 3494 F.-242
462 3424 504 3488 D.
527 3428 585 3488 ubi
606 3429 829 3507 fragmentum
851 3424 1024 3488 Mathonis
1045 3431 1154 3509 p.242

81 3527 174 3596 Λ.Β.
198 3528 384 3615 corruptela
406 3527 508 3592 etiem
528 3529 674 3604 laborat,
697 3533 773 3590 riam
789 3549 857 3590 vox
875 3549 953 3591 ποτε
966 3545 1050 3610 quae
1067 3525 1151 3590 duos

80 3651 197 3695 versus
221 3633 311 3708 finit,
344 3630 631 3709 inelegantissime
652 3629 698 3694 sia
723 3629 831 3714 posita
854 3641 921 3714 est,
954 3648 1094 3712 eamque
1115 3628 1154 3691 iu

81 3731 225 3796 secundo
246 3731 419 3797 Palatinus
440 3735 525 3796 bene
550 3731 685 3798 omittit.
721 3737 749 3798 1
778 3726 987 3826 χαλκοτύπον
1007 3727 1154 3798 Diodori

81 3855 141 3916 pro
162 3830 379 3917 χαλκότυπον.
416 3841 447 3902 2.
471 3845 533 3896 σοι.
556 3833 657 3912 vulgo
680 3827 732 3900 οὐ.
760 3831 888 3898 Persou
905 3825 1026 3902 Adra.
1040 3855 1074 3918 p·
1097 3840 1150 3902 80.

80 3932 166 4020 εἰμὴ
187 3936 259 4016 σοί,
280 3935 419 4004 Lobeck
439 3933 481 4000 ad
501 3928 625 4014 Phryu.
645 3955 678 4018 p.
695 3938 799 4004 458s.
822 3929 864 4001 οὐ
885 3931 930 4020 μὴ
951 3949 1013 4000 σοι.
1036 3947 1153 4020 postea
1233 4006 1235 4010 ¹

78 4035 214 4122 μηθὲν
204 4063 240 4102 ro
262 4037 365 4124 μηδὲν
385 4034 582 4102 mutandum
602 4036 685 4112 fuir.
708 4058 786 4100 nam
802 4037 907 4101 altera
923 4038 1029 4101 forma
1042 4035 1153 4121 poetis

78 4140 203 4210 Atticis
225 4164 291 4206 nou
315 4139 436 4206 usitata
458 4150 527 4220 est,
556 4151 654 4226 atque
675 4137 753 4203 ideo
776 4158 796 4201 s
817 4137 931 4200 multis
952 4136 1151 4203 comicorum
1240 4149 1245 4157 ·

80 4245 161 4308 locis
184 4241 358 4308 eiicienda.
393 4246 431 4306 cf.
454 4239 495 4306 de
518 4241 620 4306 simili
642 4246 748 4310 formo
770 4233 883 4316 οὐθεὶς
904 4235 1073 4308 Hermann
1094 4233 1150 4304 iit.
