2848 5140
66 869 227 980 Praeter
243 916 433 986 Cratinum
453 918 544 986 huna
559 915 803 983 nobilissimum
821 931 954 1005 poetam
966 922 1051 983 aller
1070 920 1171 985 huius

68 1019 223 1080 nominis
240 1019 371 1084 iunior
385 1019 537 1082 'comicus'
551 1018 720 1100 laudatur,
742 1016 785 1080 de
801 1021 894 1084 cuius
910 1023 980 1087 rita
996 1025 1082 1086 nihil
1096 1035 1171 1088 tra·-

68 1119 177 1184 ditum
203 1134 277 1184 est.
317 1119 490 1185 Comicum
513 1120 644 1184 mediae
673 1118 865 1184 comoediae
885 1124 989 1187 fuisse
1010 1147 1056 1187 ex
1075 1130 1169 1207 frag-

66 1223 194 1284 mentis
228 1225 346 1288 facile
384 1222 603 1288 demonstrari
635 1233 763 1306 potest,
799 1221 846 1285 sic
875 1227 975 1288 etiam
1007 1224 1167 1290 Mainake

68 1319 211 1401 Quaest.
239 1345 292 1392 ac.
321 1323 349 1390 Ι.
372 1347 403 1410 p·
422 1330 464 1392 24
482 1345 507 1388 s.
531 1321 685 1406 idemque
709 1344 784 1388 cum
813 1326 918 1388 altero
941 1324 1076 1390 Cratino
1098 1329 1167 1392 ali-

66 1427 203 1508 quoties
238 1417 476 1494 conl'uuditur.
517 1427 558 1486 ci.
582 1435 753 1508 praeterea
782 1424 903 1490 Meurs.
925 1425 960 1488 in
984 1425 1069 1491 Bitu.
1091 1429 1165 1496 Au.

66 1527 88 1587 1.
101 1522 149 1590 Π.
173 1549 210 1612 p.
233 1534 339 1596 1474.
363 1539 397 1590 et
422 1525 547 1592 Fabric.
564 1523 651 1591 Bibl.
676 1521 731 1588 Gr.
752 1521 800 1610 Il,
822 1531 873 1595 22.
894 1539 918 1590 t.
933 1523 980 1592 ΙΙ.Ι
1001 1551 1034 1614 p.
1048 1535 1120 1599 435.

150 1626 332 1716 Quinque
353 1628 454 1692 huius
470 1626 587 1690 comici
602 1629 732 1690 fabulas
747 1627 878 1707 inveni,
903 1631 936 1693 Γ
932 1625 1059 1712 ιγοὶντες
1066 1680 1075 1713 ,
1103 1637 1163 1720 Θη-

67 1726 238 1818 ραμένης,
261 1725 436 1819 Ὀμφάλη,
459 1728 587 1811 Χείρων
609 1741 643 1792 et
659 1729 999 1817 Ψευδυποβολιμαῖος.

393 1868 856 1947 ΓΙΓΛΝΤΕΣ.

148 2001 256 2069 Hane
272 2004 425 2070 fabulam
440 1999 581 2068 eautlem
597 2022 672 2067 cum
689 2002 825 2068 Τιτᾶσιν
841 2007 882 2068 ab
894 2002 1074 2072 Athenaeo
1088 2007 1160 2074 lau·

69 2095 154 2165 ‹latis
168 2107 292 2170 fuisse
308 2118 417 2171 certus
430 2124 516 2180 aum,
538 2103 626 2191 quod
639 2101 798 2169 Meineke
815 2104 952 2187 Quaest.
974 2127 1019 2173 ac.
1032 2111 1056 2171 1.
1071 2133 1103 2196 p.
1116 2116 1159 2178 24

70 2214 136 2266 not.
168 2227 316 2294 quoque
345 2208 490 2273 coniicit.
532 2205 683 2274 Litterae
711 2210 744 2270 Γ
766 2219 800 2271 et
824 2210 855 2273 T
878 2228 978 2296 eaepe
1000 2223 1035 2274 et
1061 2214 1161 2275 facile

72 2307 354 2389 confunduntur,
388 2314 429 2377 cf.
458 2307 598 2373 Pierson
618 2304 778 2372 Verieim.
799 2307 835 2389 I,
857 2315 888 2378 9.
915 2333 949 2396 p·
971 2317 1042 2381 105.
1077 2310 1160 2376 Bast

70 2398 267 2472 Commeat.
291 2410 527 2497 Palaeograph.
548 2429 583 2493 p
595 2413 669 2474 710.

154 2506 186 2573 Ι.
216 2511 422 2576 Athenaeus
437 2509 499 2577 VI.
522 2509 689 2597 pauc.
711 2513 770 2578 ubi
790 2515 898 2582 mam
917 2515 1003 2580 fulto
1023 2511 1161 2596 legitur,¹

71 2609 158 2694 qnod
179 2625 305 2679 tamen
321 2612 515 2678 Dindorfiue
538 2611 639 2674 etiam
662 2615 827 2678 servarit:
1000 2677 1002 2680 .

347 2709 509 2797 Κόρυδον
528 2709 589 2778 τόν
609 2711 817 2794 χαλκοτύπον
836 2687 1007 2802 πεφύλαξο

143 2813 216 2884 Ἠν
228 2843 286 2904 μη
310 2831 363 2884 σοι
385 2819 508 2916 νομιοῖς
530 2809 634 2881 αὐτὸν
653 2812 756 2899 μηδὲν
769 2819 994 2898 καταλείψειν

155 2917 258 3006 Mpo’
282 2915 368 2996 ὄψον
388 2921 487 3002 κοινῇ
507 2913 587 2999 μετὰ
607 2912 730 2983 τούτου
750 2918 883 2986 πώποτε
905 2920 1014 3006 δαίσῃ.

159 3025 237 3090 Τοῦ
258 3017 414 3106 Κορύδου
434 3015 585 3104 προλέγω
606 3033 676 3100 σοι,
699 3017 822 3106 ἔχει
781 3046 845 3108 γαρ
868 3028 958 3106 χεῖρα
971 2997 1164 3104 maeatae

157 3119 362 3209 Χαλκῆν,’
343 3121 528 3207 ακᾶοατον,
550 3118 635 3185 πολὺ
650 3123 784 3205 κρείττω
796 3129 857 3191 τοῦ
871 3122 977 3207 πυρὸς
994 3120 1106 3191 αὐτοῦ.
1182 3157 1189 3176 ·

77 3215 242 3307 corylus,
272 3228 330 3314 qui
352 3239 390 3290 et·
406 3225 565 3290 Euorates
586 3222 713 3304 dictus,
741 3225 925 3291 Ptolemaei
945 3227 1151 3314 temporibus
1252 3264 1263 3292 ν

76 3323 175 3406 vixit,
207 3329 348 3415 eiusque
369 3327 532 3413 parasitus
558 3327 640 3398 fuit,
671 3325 713 3390 de
741 3350 806 3412 quo
836 3330 909 3406 lege
934 3327 1152 3390 Athenaeum

76 3417 134 3489 Vl·
157 3452 190 3516 p.
206 3437 271 3500 240
286 3431 444 3497 F.-·242
459 3426 501 3490 D.
524 3430 582 3490 ubi
603 3432 826 3509 fragmentum
848 3427 1021 3491 illachonis
1042 3435 1151 3513 pm

77 3525 166 3596 Λ.Β.
192 3531 381 3618 corruptela
404 3529 505 3594 etiam
525 3531 671 3606 laborat,
694 3535 770 3592 riam
786 3551 855 3594 vox
872 3553 951 3595 ποτε
964 3549 1048 3614 quae
1065 3529 1149 3594 duos

80 3643 191 3698 versus
218 3635 308 3710 finit,
342 3631 676 3711 inelegantissime
649 3653 695 3696 sm
719 3631 828 3719 potita
851 3644 920 3709 est
951 3651 1091 3715 eamque
1111 3632 1151 3695 in

81 3735 222 3799 secundo
244 3735 415 3800 Palatinus
437 3737 522 3798 bene
547 3733 682 3800 omittit.
718 3740 747 3801 1
775 3729 985 3829 χαλκοτύπον
1004 3731 1151 3801 Dindurf

81 3847 135 3908 pro
157 3831 376 3920 χαλκότυπον.
413 3843 444 3904 2.
468 3847 531 3898 σοι
553 3835 654 3916 vulgo
677 3829 729 3904 ου.
757 3834 885 3901 l'oraoo
903 3827 1023 3906 Advv.
1038 3857 1071 3921 p
1095 3843 1148 3905 80.

79 3930 161 4020 εἰμὴ
184 3938 256 4017 ool,
278 3936 417 4005 Lobeclt
436 3934 478 4001 ad
499 3930 623 4016 Phryu.
642 3957 675 4020 p.
692 3940 796 4006 458³.
819 3931 862 4003 οὐ
883 3933 928 4022 μὴ
948 3952 1010 4004 noa.
1033 3951 1151 4023 postea
1231 4010 1235 4017 .,

80 4035 212 4120 μηθὲν
201 4065 237 4104 m
260 4037 362 4125 μηδὲν
382 4035 579 4103 mutandum
599 4038 683 4113 fuit,
705 4060 784 4102 nam
799 4039 904 4102 altera
920 4041 1026 4103 forma
1039 4039 1151 4124 poetis

81 4133 200 4208 Atticis
222 4165 289 4208 nou
312 4138 433 4206 unitata
456 4151 525 4222 eat,
554 4152 651 4227 atque
673 4139 751 4205 ideo
774 4159 793 4202 e
815 4139 929 4202 multia
950 4139 1149 4206 comicorum
1238 4153 1244 4162 ‘

83 4236 159 4306 locis
182 4241 355 4310 elicienda.
390 4246 428 4306 el.
451 4239 493 4306 de
516 4242 618 4307 simili
639 4247 745 4311 forma
768 4235 880 4318 οὐθεὶς
901 4237 1071 4309 Hermann
1092 4237 1160 4308 iib-¹
