2848 5140
105 864 262 976 Praeter
276 909 447 980 Cratinum
467 911 558 976 huno
573 908 817 977 nobilissimum
835 925 968 999 poetam
981 916 1066 977 alter
1085 915 1185 979 huius

106 1013 257 1076 nominis
273 1013 385 1077 iunior
399 1011 544 1075 'comicus
565 1011 735 1093 laudatur„
757 1010 799 1075 de
815 1015 908 1078 euius
925 1018 994 1082 vita
1011 1018 1097 1082 nihil
1111 1031 1185 1081 tra·-

105 1114 217 1178 ditum
241 1127 301 1179 est.
334 1111 504 1178 Comicum
527 1114 658 1177 mediae
687 1112 879 1179 comoediae
900 1118 1004 1181 fuisse
1025 1141 1070 1182 ex
1089 1124 1184 1201 snag-

101 1217 232 1280 mentis
261 1219 360 1281 faciie
398 1216 617 1282 demonstrari
649 1227 778 1300 potest,
814 1216 860 1279 sic
889 1221 990 1282 etism
1021 1219 1181 1284 Meineke

103 1314 246 1397 Quaest.
269 1339 312 1384 sc.
335 1316 363 1382 Ι.
386 1340 417 1403 p.
436 1323 479 1386 24
496 1338 522 1381 s.
545 1315 700 1400 idemque
723 1338 798 1382 cum
827 1320 933 1382 altero
956 1318 1090 1384 Cratino
1112 1323 1181 1386 ali-

100 1421 238 1505 quoties
267 1419 491 1484 consuoditur.
531 1421 572 1481 ci.
596 1429 767 1502 praeterea
796 1418 975 1484 meursio
998 1418 1083 1485 Bibt.
1105 1424 1179 1492 Att.

98 1524 125 1584 1.
141 1518 190 1584 ΙΙ.
211 1543 243 1607 p.
262 1528 353 1588 1474.
377 1531 411 1584 et
436 1519 562 1585 Fabric.
578 1517 665 1585 Bibl.
690 1515 746 1582 Gr.
767 1515 815 1603 ΙΙ,
836 1525 888 1589 22.
909 1533 932 1584 t.
946 1518 993 1586 II.
1015 1545 1048 1608 p.
1062 1530 1134 1594 435.

188 1620 347 1710 Quinque
367 1620 467 1685 huius
484 1619 601 1684 comici
616 1622 746 1684 sabulos
761 1621 892 1701 inveni,
918 1619 1073 1706 Γίγαντες
1080 1674 1089 1707 ‚
1117 1631 1177 1715 Θη-

97 1721 264 1812 ραμένης,
284 1718 451 1812 Ὀμφάλη,
473 1721 601 1806 Χείρων
623 1735 657 1786 et
674 1723 1013 1810 Ψευδυποβολιμαίος.

407 1861 871 1940 ΓΙΓΑΝΤΕΣ.

183 1995 278 2062 Hane
290 1997 439 2063 fabulam
454 1993 595 2061 eandem
611 2016 686 2060 cum
703 1997 839 2062 Τιτᾶονν
855 2000 896 2061 ab
908 1995 1088 2065 Athenaeo
1102 2001 1174 2068 lau·

94 2093 187 2161 detis
201 2100 307 2163 fuisse
323 2111 430 2164 certus
445 2119 530 2174 snm,
553 2097 640 2183 quod
653 2096 812 2162 Meineke
829 2098 965 2181 Quaest.
988 2120 1033 2167 sc.
1046 2105 1070 2165 1.
1085 2125 1117 2189 p.
1130 2111 1173 2173 24

94 2210 170 2262 not.
198 2219 330 2287 quoque
359 2201 503 2266 coniicit.
546 2199 697 2268 Litterae
725 2204 758 2264 Γ
779 2211 815 2264 et
838 2204 869 2267 T
892 2221 992 2290 saepe
1014 2217 1049 2268 et
1074 2207 1175 2269 facile

94 2299 367 2383 confunduntur,
402 2308 444 2371 cf.
472 2301 612 2367 Pierson
632 2298 792 2366 Verisim.
813 2300 849 2382 Ι,
871 2309 902 2372 9.
929 2327 963 2390 p·
985 2311 1056 2376 103.
1091 2304 1174 2370 Bast

93 2398 283 2465 Comment.
305 2404 541 2490 Palaeogmph·
562 2423 597 2487 p.
609 2407 683 2470 710.

182 2501 213 2568 I.
238 2503 436 2570 Athenaeus
451 2503 513 2570 VI
536 2503 703 2591 pmtc.
725 2507 784 2570 uhi
804 2509 912 2576 τιεᾶοι
931 2509 1016 2573 falso
1037 2506 1175 2591 legitur,

91 2604 186 2694 quod
205 2619 319 2672 tamen
335 2605 530 2672 Diodorfius
552 2605 653 2668 etiam
676 2609 841 2673 servavit·

361 2703 523 2790 Κόρυδον
542 2703 603 2771 τδν
623 2704 831 2787 χαλκοτύπον
850 2681 1021 2795 πεφύλαξο

169 2807 300 2877 Ἤν
256 2836 300 2897 μη
324 2824 377 2877 σοι
399 2813 522 2894 νομιεῖς
544 2803 648 2874 αὐτὸν
668 2806 770 2893 μηδὲν
783 2813 1008 2892 καταλείψειν·

178 2909 273 2998 Μηδ’
297 2908 383 2989 ὄψον
402 2915 500 2996 κοινῇ
520 2933 601 2993 μετα
621 2932 745 2976 τουτου
765 2911 897 2980 πώποτε
919 2914 1028 3000 δαίσῃ.

182 3018 253 3082 Τον
271 3011 428 3103 Κορύδου
447 3009 598 3098 προλέγω
619 3027 690 3094 σοι,
713 3011 775 3100 ἔχει
795 3015 859 3102 γάρ
881 3021 972 3100 χεῖρα
985 2991 1177 3100 αραταίαν

179 3121 331 3204 Χαλκῆν,
357 3112 542 3200 νίκααατον,
563 3113 649 3179 πολὺ
663 3116 798 3199 κρείττω
810 3143 870 3185 του
885 3116 991 3202 πυρὸς
1007 3115 1120 3185 αὐτοῦ.
1196 3151 1203 3170 ·

90 3217 258 3304 Corycius,
286 3221 344 3307 qui
365 3232 404 3284 et·
420 3218 578 3283 Eucrates
600 3215 726 3297 dictus,
754 3219 939 3285 Ptolemaei
960 3221 1164 3302 temporibus
1269 3264 1275 3277 ,

88 3321 195 3400 vixit,
224 3322 362 3408 eiusque
383 3319 546 3406 parasitus
572 3320 653 3391 fuit.
685 3319 726 3384 de
754 3344 820 3406 quo
850 3324 923 3400 lege
948 3321 1166 3384 Athenaeum

87 3422 152 3489 vl.
176 3446 208 3510 p.
223 3431 285 3492 240
299 3424 458 3490 F.-242
473 3420 514 3484 D.
538 3423 596 3484 ubi
617 3425 840 3502 fragmentum
862 3421 1035 3484 Machanis
1056 3429 1165 3507 pata

88 3529 133 3594 A
147 3524 185 3590 B
209 3525 395 3610 corruptela
417 3522 519 3586 etiam
538 3524 685 3599 laborat,
708 3528 785 3586 nam
800 3542 868 3588 vox
886 3543 1062 3607 sonsquae
1079 3523 1163 3587 duos

89 3648 208 3692 versus
232 3628 322 3704 finit,
355 3625 689 3704 inelegantissime'
662 3646 709 3690 suo
733 3624 842 3712 posita
865 3638 934 3703 est
965 3645 1105 3710 eamque
1126 3626 1165 3689 in

90 3728 236 3792 secundo
257 3728 429 3792 Palatinus
451 3730 536 3791 bene
561 3725 695 3794 omittit.
731 3733 760 3794 1
789 3721 999 3823 χαλκοτύπον
1018 3724 1165 3795 Dindnrf

88 3851 151 3913 pro
172 3825 390 3912 χαλκότυπον.
427 3835 458 3896 2
481 3839 544 3892 σοι.
567 3828 669 3908 vulgo
690 3823 743 3897 οὐ,
771 3827 899 3894 Porson
917 3803 1037 3900 Αδίε
1052 3851 1085 3915 p.
1109 3837 1162 3899 80.

87 3929 176 4016 εἰμὴ
197 3931 270 4012 οοί,
292 3929 430 3998 Lobeck
450 3927 492 3994 ad
513 3925 636 4010 Phryn
656 3951 689 4014 p.
706 3934 810 4000 458s.
833 3925 876 3997 οὐ
897 3927 942 4016 μὴ
962 3946 1024 3998 σοι.
1046 3945 1165 4018 postes
1244 4003 1247 4010 ,

86 4031 226 4120 μηθὲν
214 4058 251 4098 ια
273 4030 376 4118 μηδὲν
396 4028 593 4096 mutandum
613 4031 696 4108 fuit,
719 4053 797 4096 nam
812 4034 918 4097 altere
933 4034 1040 4097 forma
1053 4033 1165 4118 poetis

86 4135 214 4206 Atticis
236 4158 302 4200 non
325 4132 447 4199 usitata
469 4144 539 4214 est,
567 4145 665 4220 atque
686 4132 764 4199 ideo
787 4153 806 4196 e
828 4133 943 4196 multis
963 4133 1162 4200 comicorum
1251 4147 1258 4156 ‘

88 4241 171 4304 locis
195 4234 369 4303 eiiciende.
404 4239 442 4299 cf.
465 4233 507 4300 de
530 4235 631 4300 simili
653 4240 759 4304 forma
782 4229 894 4312 οὐδεὶς
915 4231 1085 4304 Hermann
1106 4233 1162 4303 tib.
