2848 5130
261 519 341 612 nam
362 527 440 592 cum
462 521 598 590 Polluce
610 523 763 612 :papsiic
786 521 1005 613 'Leianon
1024 538 1175 594 mortem
1190 525 1348 594 Nemesis

262 627 349 692 dicta
381 639 450 707 est,
482 635 520 688 ut
548 629 596 692 eit
623 625 817 694 Lactantius
846 626 888 692 de
921 628 998 694 fcta.
1027 629 1123 709 relig.
1144 626 1181 708 I,
1204 624 1254 698 21.
1286 626 1350 695 sed

259 715 441 794 Pausaniae
456 723 484 805 Ι,
501 736 552 797 38.
573 727 734 794 Nemesin
746 735 897 810 matrem,
918 726 1048 794 Ledam
1062 730 1227 796 nutricem
1240 732 1349 796 inisse

258 830 376 920 tradit.
406 833 446 891 ci.
468 827 511 894 Η.
540 828 662 893 iunius
692 829 809 896 Anim'.
828 829 862 908 Ι,
885 838 917 900 8.
948 828 1123 896 ¹iiiuncicer
1152 831 1194 896 ad
1222 831 1348 915 Hygin.

260 938 327 1000 fab.
350 940 402 1001 77.
434 943 469 995 et
497 929 539 995 ad
566 931 760 998 Mnonom.
788 943 877 1019 poet.
897 930 951 1011 Π,
973 938 1005 1000 8.
1049 930 1204 1000 Cratinus
1233 945 1349 999 eutem

252 1036 422 1106 -Nemeoin
448 1032 487 1096 in
512 1033 576 1096 hac
598 1035 713 1098 fabula
742 1033 885 1100 eandem
913 1053 987 1098 cum
1007 1031 1101 1098 Leda
1122 1035 1220 1112 fecit,
1241 1047 1279 1097 ut
1302 1057 1349 1099 ex

260 1138 485 1204 Eratosthene
516 1131 739 1200 Catasterism.
761 1138 816 1204 25.
841 1157 873 1222 p.
896 1141 970 1206 120.
999 1149 1112 1224 patet,
1143 1139 1203 1200 ubi
1230 1149 1349 1202 auctor

150 1253 154 1265 '
262 1244 363 1322 hujus
384 1237 434 1300 rai
451 1230 585 1320 Κράτης
606 1233 625 1300 ὁ
647 1232 785 1322 ccciccc
806 1238 942 1314 citatur,
965 1236 1057 1322 quod
1077 1238 1350 1302 Valckenaerad

261 1340 380 1426 Eurip.
400 1335 575 1404 Phoenica.
597 1343 671 1406 441.
707 1341 744 1403 in
760 1341 926 1426 Κρατῖνος
943 1337 1141 1404 mutandum
1161 1361 1233 1406 asse
1254 1353 1348 1405 recte

261 1441 359 1508 vidit
399 1439 582 1526 Praecipue
608 1440 674 1502 huc
702 1441 785 1506 facit
812 1443 906 1509 lucus
927 1438 1134 1506 scholiastae
1155 1439 1349 1508 Germanici

262 1542 446 1607 Phaonem.
468 1551 492 1602 t.
506 1538 553 1606 11.
573 1563 605 1628 p.
622 1547 674 1609 67.
697 1541 815 1607 Buhl.c
839 1540 989 1625 Cygnum
1011 1541 1127 1606 dicunt
1146 1543 1236 1611 inter
1256 1557 1349 1608 astra

262 1644 497 1721 constitutum,
527 1663 566 1706 eo
590 1641 680 1728 quod
700 1641 833 1732 Jupiter
862 1644 900 1708 in
925 1663 1066 1726 cygnum
1094 1646 1347 1727 transfiguratus

168 1783 170 1796 ·
261 1737 448 1812 evolaverit
460 1742 769 1826 inRirnmmcritc*)
791 1745 926 1810 Atticae
941 1746 1097 1826 regionis,
1119 1746 1232 1832 ibique
1249 1741 1348 1811 com-

261 1844 608 1934 presserit'Nemesio,
630 1860 669 1911 ut
689 1851 793 1910 refert
817 1845 976 1912 Cratinus
992 1845 1348 1914 comoediarumccri-

260 1964 348 2038 ptor,
368 1967 453 2033 quae
473 1947 573 2012 ert'ua
594 1962 645 2013 est
660 1970 774 2018 ovum.
796 1948 887 2012 uode
903 1959 980 2013 nata
995 1959 1046 2012 eat
1059 1947 1198 2016 Helena.
1230 1949 1347 2032 Vulgo

261 2050 397 2138 quidem
411 2048 460 2113 ibi
474 2071 604 2137 quoque
622 2053 744 2118 Cretes
759 2051 942 2132 legebatur,
964 2049 1024 2117 aed
1036 2052 1218 2118 certissime
1231 2073 1343 2116 emen·

261 2137 409 2219 dandum
430 2163 498 2230 est,
521 2152 551 2216 ai
572 2159 722 2218 conferas
744 2156 966 2233 iregrneotum
987 2150 1051 2218 lv.
1094 2153 1254 2218 Nemesin
1274 2155 1347 2220 iam

260 2356 349 2446 apud
369 2355 588 2420 Athenaeum
611 2354 708 2422 VIII.
731 2378 766 2442 p.
787 2363 860 2424 834.
886 2354 920 2418 C.
936 2355 976 2420 D.
994 2361 1034 2420 cf.
1053 2355 1222 2443 Koppiers
1242 2357 1345 2442 Obss.

262 2486 288 2526 c.
313 2467 362 2528 to.
385 2459 418 2542 p·
440 2463 513 2526 120.
535 2469 570 2520 et
591 2454 710 2539 Heyne
732 2455 775 2520 ad
788 2455 984 2542 Apollodor.
1007 2466 1115 2544 p.284
1132 2479 1174 2524 ss.
1219 2457 1347 2526 Comici

260 2583 342 2630 vero
364 2559 499 2646 saepius
525 2558 616 2622 hunc
646 2560 800 2641 mythum
825 2560 862 2622 in
888 2579 1019 2624 scenam
1042 2559 1284 2644 producebant,
1307 2576 1347 2628 ut

261 2664 412 2730 Eubulus
421 2655 714 2748 ΛάκωσινῆΛὴδᾳ,
729 2661 889 2748 Sophilus
899 2656 1068 2750 condicens
1080 2660 1102 2748 ἤ
1114 2658 1206 2750 icida.
1229 2662 1346 2744 Quare

263 2750 371 2834 certus
393 2783 484 2842 enm,
503 2761 656 2826 Elmaleii
687 2762 729 2828 ad
750 2761 839 2827 Med.
860 2785 893 2849 p.
916 2769 968 2833 74.
989 2762 1104 2828 Oxon.
1130 2763 1347 2842 emendatio-

262 2889 341 2935 nem
361 2883 478 2930 raram
499 2882 591 2943 esse,
613 2887 680 2950 qua
701 2865 857 2947 Dionysii
881 2865 1015 2950 tyranni
1029 2865 1144 2950 Λήδαν
1165 2865 1347 2931 aStobaeo

262 2971 296 3036 S,
320 2971 402 3038 105,
425 2973 456 3034 2.
477 2962 645 3039 laudatam
664 2967 702 3030 in
723 2963 878 3050 Μήδειαν
899 2969 1056 3048 mutauit,
1079 2989 1157 3032 nam
1177 2965 1271 3036 Lede
1295 2993 1347 3045 ar.

261 3071 459 3156 gementum
485 3065 681 3148 tragoedico,
703 3070 778 3132 fieri
793 3087 876 3133 non
901 3069 1020 3156 potuit.
1060 3068 1208 3135 Primum
1228 3085 1347 3138 autern

252 3165 446 3256 ,fragmenta
474 3187 614 3256 ponam,
646 3188 666 3233 a
693 3169 811 3255 quibua
844 3173 976 3237 iabulaa
1005 3184 1237 3256 argumentum
1268 3197 1348 3242 am-

260 3279 349 3366 plius
370 3275 492 3339 elucet.

344 3393 375 3464 I.
417 3388 617 3457 Athenaeus
636 3385 703 3454 IX·
749 3399 841 3462 .878
863 3391 913 3456 Dr

428 3505 575 3594 ''00ch
594 3506 712 3576 τοίνυν
768 3513 784 3577 i
803 3525 839 3578 oe
860 3509 1030 3598 yiyueodcc
1049 3508 1162 3598 μέγαν.

262 3721 467 3746 μ

344 3873 376 3950 ἱ’)
410 3880 456 3936 Sic
482 3899 534 3954 pro
562 3879 677 3954 catigeta
711 3899 817 3936 ramum
845 3881 993 3940 emendant
1020 3882 1121 3938 iunius
1147 3891 1175 3938 st
1200 3881 1346 3940 Muncher

260 3955 420 4038 ad‘liygin.
439 3965 492 4020 nl.
514 3967 589 4040 quod
607 3969 756 4022 confirmet
777 3962 985 4030 Eratosthenes⁸⁴
1024 3970 1205 4023 Rhamnunte
1225 3967 1345 4022 Ncmesi

260 4065 382 4112 statuam
403 4049 518 4106 Phidiae
539 4070 608 4124 opus
629 4052 747 4123 positam
768 4051 868 4120 fuisse,
888 4064 1000 4123 praeter
1020 4055 1199 4124 Pausaniam,
1222 4053 1344 4108 Photins

261 4149 280 4193 t.
302 4141 340 4196 11.
368 4133 601 4224 p.482,18ss.
637 4145 664 4190 et
692 4137 829 4191 Zenobiae
856 4139 937 4195 Prov.
960 4141 999 4212 V,
1022 4139 1057 4194 82
1083 4158 1111 4212 p.
1134 4137 1185 4194 195
1214 4127 1344 4192 hamunt.

260 4226 304 4280 De
324 4223 368 4280 hic
391 4220 522 4278 omnibus
541 4221 658 4282 acutius
675 4239 714 4278 voe
733 4223 882 4280 comsit
902 4223 1026 4298 quidem.
